<record><leader>00000cas a2200000 a 4500</leader><controlfield tag="001">9868924</controlfield><controlfield tag="008">830901c19569999nyuwr ne      0   a0eng c</controlfield><datafield ind1=" " ind2=" " tag="010"><subfield code="a">sn 83008759 </subfield></datafield><datafield ind1=" " ind2=" " tag="040"><subfield code="a">NSD</subfield><subfield code="b">eng</subfield><subfield code="c">NSD</subfield><subfield code="d">NYS</subfield><subfield code="d">OCLCQ</subfield><subfield code="d">OCLCF</subfield><subfield code="d">OCLCO</subfield><subfield code="d">YIVOL</subfield></datafield><datafield ind1=" " ind2=" " tag="012"><subfield code="m">1</subfield></datafield><datafield ind1="1" ind2=" " tag="022"><subfield code="a">0746-2352</subfield><subfield code="l">0746-2352</subfield><subfield code="2">1</subfield></datafield><datafield ind1="1" ind2=" " tag="029"><subfield code="a">AU@</subfield><subfield code="b">000020416185</subfield></datafield><datafield ind1=" " ind2=" " tag="032"><subfield code="a">346400</subfield><subfield code="b">USPS</subfield></datafield><datafield ind1=" " ind2=" " tag="037"><subfield code="b">Mid-Island News, P.O. Box 21, Centereach, NY 11720</subfield></datafield><datafield ind1=" " ind2=" " tag="042"><subfield code="a">nsdp</subfield><subfield code="a">pcc</subfield></datafield><datafield ind1=" " ind2=" " tag="043"><subfield code="a">n-us-ny</subfield></datafield><datafield ind1=" " ind2=" " tag="096"><subfield code="a">015010127</subfield></datafield><datafield ind1=" " ind2="4" tag="222"><subfield code="a">The Mid-Island news</subfield></datafield><datafield ind1="0" ind2="4" tag="245"><subfield code="a">The Mid-Island news.</subfield></datafield><datafield ind1="1" ind2="3" tag="246"><subfield code="a">Mid-island newsletter</subfield></datafield><datafield ind1="1" ind2="7" tag="246"><subfield code="a">Mid island news</subfield></datafield><datafield ind1=" " ind2=" " tag="260"><subfield code="a">Centereach, N.Y. :</subfield><subfield code="b">Charles F. Hoffman,</subfield><subfield code="c">1956-</subfield></datafield><datafield ind1=" " ind2=" " tag="310"><subfield code="a">Weekly</subfield></datafield><datafield ind1="0" ind2=" " tag="362"><subfield code="a">Vol. 2, no. 31 (Oct. 11, 1956)-</subfield></datafield><datafield ind1=" " ind2=" " tag="500"><subfield code="a">Publisher: Charles F. Hoffman, 1956-&lt;1963&gt;; Bernard Paley, &lt;1964-1983&gt;.</subfield></datafield><datafield ind1=" " ind2="0" tag="651"><subfield code="a">Centereach (N.Y.)</subfield><subfield code="v">Newspapers.</subfield></datafield><datafield ind1=" " ind2="0" tag="651"><subfield code="a">Suffolk County (N.Y.)</subfield><subfield code="v">Newspapers.</subfield></datafield><datafield ind1=" " ind2="7" tag="651"><subfield code="a">New York (State)</subfield><subfield code="z">Centereach.</subfield><subfield code="2">fast</subfield><subfield code="0">(OCoLC)fst01230553</subfield></datafield><datafield ind1=" " ind2="7" tag="651"><subfield code="a">New York (State)</subfield><subfield code="z">Suffolk County.</subfield><subfield code="2">fast</subfield><subfield code="0">(OCoLC)fst01207260</subfield></datafield><datafield ind1=" " ind2="7" tag="655"><subfield code="a">Newspapers.</subfield><subfield code="2">fast</subfield><subfield code="0">(OCoLC)fst01423814</subfield></datafield><datafield ind1=" " ind2=" " tag="752"><subfield code="a">United States</subfield><subfield code="b">New York</subfield><subfield code="c">Suffolk</subfield><subfield code="d">Centereach.</subfield></datafield><datafield ind1="0" ind2="0" tag="780"><subfield code="t">Centereach news-letter (Centereach, N.Y.)</subfield><subfield code="w">(DLC)sn 98067551</subfield><subfield code="w">(OCoLC)38545834</subfield></datafield><datafield ind1=" " ind2=" " tag="936"><subfield code="a">Vol. 28, no. 39 (Aug. 18, 1983) LIC</subfield></datafield></record>